<?xml version="1.0" encoding="UTF-8"?>
<collection xmlns:xsi="http://www.w3.org/2001/XMLSchema-instance" xsi:schemaLocation="http://www.loc.gov/MARC21/slim http://www.loc.gov/standards/marcxml/schema/MARC21slim.xsd" xmlns="http://www.loc.gov/MARC21/slim">
<record>
  <leader>01421mam a2200301 a 4500</leader>
  <controlfield tag="001">677100</controlfield>
  <controlfield tag="003">NNC</controlfield>
  <controlfield tag="005">20130520212547.0</controlfield>
  <controlfield tag="008">850123s1974    ir h     b    001 0dara d</controlfield>
  <datafield tag="035" ind1=" " ind2=" ">
    <subfield code="a">(OCoLC)22326022</subfield>
  </datafield>
  <datafield tag="035" ind1=" " ind2=" ">
    <subfield code="a">(OCoLC)ocm22326022</subfield>
  </datafield>
  <datafield tag="035" ind1=" " ind2=" ">
    <subfield code="a">(CStRLIN)NYCG88-B63324</subfield>
  </datafield>
  <datafield tag="035" ind1=" " ind2=" ">
    <subfield code="9">ACY5941CU</subfield>
  </datafield>
  <datafield tag="035" ind1=" " ind2=" ">
    <subfield code="a">(NNC)677100</subfield>
  </datafield>
  <datafield tag="035" ind1=" " ind2=" ">
    <subfield code="a">677100</subfield>
  </datafield>
  <datafield tag="040" ind1=" " ind2=" ">
    <subfield code="a">NjP</subfield>
    <subfield code="c">NjP</subfield>
    <subfield code="d">CU</subfield>
  </datafield>
  <datafield tag="100" ind1="1" ind2=" ">
    <subfield code="a">Bukhārī, Muḥammad ʻAlī ibn Mubārakshāh,</subfield>
    <subfield code="d">-approximately 1340.</subfield>
  </datafield>
  <datafield tag="245" ind1="1" ind2="0">
    <subfield code="a">Ḥikmat al-ʻayn li-Najm al-Dīn ʻAlī ibn ʻUmar al-Kātibī al-Qazwīnī :</subfield>
    <subfield code="b">al-Sharḥ /</subfield>
    <subfield code="c">li-Shams al-Dīn Muḥammad ibn Mubārakshāh al-Bukhārī ; bā muqaddamah va taṣḥīḥ-i Jaʻfar Zāhidī.</subfield>
  </datafield>
  <datafield tag="260" ind1=" " ind2=" ">
    <subfield code="a">Mashhad :</subfield>
    <subfield code="b">Ferdowsi University Press,</subfield>
    <subfield code="c">1974.</subfield>
  </datafield>
  <datafield tag="300" ind1=" " ind2=" ">
    <subfield code="a">720 p. :</subfield>
    <subfield code="b">facs. ;</subfield>
    <subfield code="c">25 cm.</subfield>
  </datafield>
  <datafield tag="490" ind1="1" ind2=" ">
    <subfield code="a">Intishārāt-i Dānishgāh-i Firdawsī ;</subfield>
    <subfield code="v">shumārah-ʾi 47</subfield>
  </datafield>
  <datafield tag="500" ind1=" " ind2=" ">
    <subfield code="a">Title on added t.p.: Ḥikmat al-ʻayn by Najm al-Dīn ʻAlī b. ʻOmar al-Kātibī al-Qazvīnī.</subfield>
  </datafield>
  <datafield tag="504" ind1=" " ind2=" ">
    <subfield code="a">Includes bibliographical references and index.</subfield>
  </datafield>
  <datafield tag="600" ind1="1" ind2="0">
    <subfield code="a">Kātibī, Najm al-Dīn ʻAlī ibn ʻUmar,</subfield>
    <subfield code="d">-1276.</subfield>
    <subfield code="t">Ḥikmat al-ʻayn.</subfield>
  </datafield>
  <datafield tag="650" ind1=" " ind2="0">
    <subfield code="a">Islamic philosophy</subfield>
    <subfield code="v">Early works to 1800.</subfield>
  </datafield>
  <datafield tag="700" ind1="1" ind2=" ">
    <subfield code="a">Zāhidī, Jaʻfar.</subfield>
  </datafield>
  <datafield tag="740" ind1="0" ind2=" ">
    <subfield code="a">Ḥikmat al-ʻayn by Najm al-Dīn ʻAlī b. ʻOmar al-Kātibī al-Qazvīnī.</subfield>
  </datafield>
  <datafield tag="830" ind1=" " ind2="0">
    <subfield code="a">Intishārāt-i Dānishgāh-i Firdawsī ;</subfield>
    <subfield code="v">shumārah-ʼi 47.</subfield>
  </datafield>
  <datafield tag="955" ind1=" " ind2=" ">
    <subfield code="b">0054353360</subfield>
    <subfield code="d">glx</subfield>
    <subfield code="e">B753.K38 H5 1974g</subfield>
  </datafield>
</record>
</collection>